

%% This BibTeX bibliography file was created using BibDesk.
%% http://bibdesk.sourceforge.net/


%% Created for Jenny-Margrethe Vej at 2015-08-09 21:28:08 +0200 


%% Saved with string encoding Unicode (UTF-8) 
@book{gusfield,
    	Author    = {Dan Gusfield},
    	Date-Added = {2016-03-10 10:59:00 +0000},
	Date-Modified = {2016-03-10 10:59:00 +0000},
	Edition = {1},
    	Publisher = {The Pres Syndicate Of The University Of Cambridge},
    	Title = {Algorithms on strings, trees, and sequences : computer science and computational biology},
    	Year = {1997}}
	
@book{introduction,
	Author = {Thomas H. Cormen, Charles E. Leiserson, Ronald L. Rivest & Clifford Stein},
	Date-Added = {2016-03-10 10:59:00 +0000},
	Date-Modified = {2016-03-10 10:59:00 +0000},
	Edition = {3th},
	Publisher = {The MIT Pres, Cambridge, Massachusetts, London, England},
	Title = {Introduction To Algorithms},
	Year = {2009}}
	
@misc{mit,
	Date-Added = {2016-10-03 15:41:36 +0000},
	Date-Modified = {2016-10-03 15:41:36 +0000},
	Howpublished = {https://www.youtube.com/watch?v=F3nbY3hIDLQl},
          Note = {Accessed: 2016-12-15 08:15},
	Title = {Strings - Advanced data structures}}

@misc{avtestreport,
	Date-Added = {2016-13-04 22:41:36 +0000},
	Date-Modified = {2016-13-04 22:41:36 +0000},
	Howpublished = {https://www.av-test.org/fileadmin/pdf/security\_report/AV-TEST\_Security\_Report\_2015-2016.pdf},
          Note = {Accessed: 2016-04-13 08:15},
	Title = {AV-TEST\_Security\_Report\_2015-2016}}
	
@misc{clusteranalysis,
	Date-Added = {2016-13-04 16:08:36 +0000},
	Date-Modified = {2016-13-04 16:08:36 +0000},
	Howpublished = {http://www.statsoft.com/Textbook/Cluster-Analysis},
	Note = {Accessed: 2017-01-20 22:21},
	Title = {Cluster Analysis}}

@misc{avtest,
	Date-Added = {2016-13-04 16:08:36 +0000},
	Date-Modified = {2016-13-04 16:08:36 +0000},
	Howpublished = {https://www.av-test.org/en/statistics/malware/},
	Note = {Accessed: 2017-02-01 17:15},
	Title = {AV-TEST}}
	
@article{detection,
	Author = {Nguyen Le Dang, Dac-Nhuong Le, and Vinh Trong Le},
	Date-Added = {2017-06-03 14:23:00 +0000},
	Date-Modified = {2017-06-03 14:24:00 +0000},
	Journal = {IACSIT International Journal of Engineering and Technology},
	Pages = {1-7},
	Number = {2},
	Title = {A New Multiple-Pattern Matching Algorithm for the Network Intrusion Detection System},
	Volume = {8},
	Year = {2016}}
	
@article{Asurveyonmalware,
	Author = {Saeed, Imtithal A., Ali Selamat, and Ali MA Abuagoub},
	Date-Added = {2017-04-13 15:55:00 +0000},
	Date-Modified = {2017-04-13 15:55:00 +0000},
	Journal = {International Journal of Computer Applications},
	Number = {67.16},
	Title = {A survey on malware and malware detection systems},
	Year = {2013}}

@article{turner2011updated,
  title={Updated security considerations for the md5 message-digest and the hmac-md5 algorithms},
  author={Turner, Sean and Chen, Lily},
  year={2011}
}

@article{thompson2005md5,
  title={MD5 collisions and the impact on computer forensics},
  author={Thompson, Eric},
  journal={Digital investigation},
  volume={2},
  number={1},
  pages={36--40},
  year={2005},
  publisher={Elsevier}
}

@inproceedings{wang2005break,
  title={How to break MD5 and other hash functions},
  author={Wang, Xiaoyun and Yu, Hongbo},
  booktitle={Annual International Conference on the Theory and Applications of Cryptographic Techniques},
  pages={19--35},
  year={2005},
  organization={Springer}
}
	
@article{Heuristicmethods,
	Author = {Taillard, Éric D.},
	Date-Added = {2017-04-13 15:55:00 +0000},
	Date-Modified = {2017-04-13 15:55:00 +0000},
	Journal = {Journal of heuristics},
	Pages = {51-73},
           Volume = {9.1},
	Title = {Heuristic methods for large centroid clustering problems.},
	Year = {2003}}

@article{idika2007survey,
	title={A survey of malware detection techniques},
	author={Idika, Nwokedi and Mathur, Aditya P},
	journal={Purdue University},
	volume={48},
	year={2007}}

@article{deri2000practical,
  title={Practical network security: experiences with ntop},
  author={Deri, Luca and Suin, Stefano},
  journal={Computer Networks},
  volume={34},
  number={6},
  pages={873--880},
  year={2000},
  publisher={Elsevier}}

@article{mclachlan1999mahalanobis,
  title={Mahalanobis distance},
  author={McLachlan, Goeffrey J},
  journal={Resonance},
  volume={4},
  number={6},
  pages={20--26},
  year={1999},
  publisher={Springer}
}

@book{kurose2010computer,
  title={Computer networking: a top-down approach},
  author={Kurose, James F and Ross, Keith W},
  volume={5},
  year={2010},
  publisher={Addison-Wesley Reading}}

@article{enchancedsuffix,
	Author = {Mohamed Ibrahim Abouelhoda, Stefan Kurtz, Enno Ohlebusch},
	Date-Added = {2017-28-03 06:13:00 +0000},
	Date-Modified = {2017-28-03 06:13:00 +0000},
	Journal = {Journal of Discrete Algorithms 2},
	Pages = {53-86},
	Title = {Replacing suffix trees with enhanced suffix arrays},
	Year = {2004}}
	
	
@article{Kasai,
	Author = {Toru Kasai, Hiroki Arimura, Setsuo Arikawa},
	Date-Added = {2017-28-03 10:46:00 +0000},
	Date-Modified = {2017-28-03 10:46:00 +0000},
	Journal = {DOI Technical Report 185 (2001)},
	Title = {Effcient Substring Traversal with Suffx Arrays},
	Year = {2001}}


@article{LempelZiv,
	Author = {Ferreira, Artur J., Arlindo L. Oliveira, and Mário AT Figueiredo},
	Date-Added = {2017-28-03 11:08:00 +0000},
	Date-Modified = {2017-28-03 11:08:00 +0000},
	Journal = {International Conference on E-Business and Telecommunications. Springer Berlin Heidelberg},
	Title = {On the suitability of suffix arrays for Lempel-Ziv data compression.},
	Year = {2008}}
	
@article{bwtfmindex,
	Author = {Ben Langmead},
	Date-Added = {2017-26-03 14:23:00 +0000},
	Date-Modified = {2017-26-03 14:24:00 +0000},
	Pages = {1-12},
	Title = {Introduction to the Burrows-Wheeler Transform and FM Index},
	Year = {2013}}
	
@article{BWT,
	Author = {Giovanni Manzini},
	Date-Added = {2017-06-03 13:50:00 +0000},
	Date-Modified = {2017-06-03 13:50:00 +0000},
	Journal = {Journal of the Association for Computing Machinery},
	Pages = {407-430},
	Number = {3},
	Title = {An Analysis of the Burrows-Wheeler Transform},
	Volume = {48},
	Year = {2001}}
	
@article{twoeffecient,
	Author = {Ge Nong, Sen Zhang, and Wai Hong Chan},
	Date-Added = {2017-02-21 11:07:00 +0000},
	Date-Modified = {2017-02-21 11:07:00 +0000},
	Journal = {IEEE Transaction on Computers},
	Pages = {1-20},
	Title = {Two Efficient Algorithms for Linear Time Suffix Array Construction},
	Year = {2011}}
	
@article{performancesuffix,
	Author = {Simon J. Puglisi, William F. Smyth, and Andrew Turpin},
	Date-Added = {2017-02-21 11:11:00 +0000},
	Date-Modified = {2017-02-21 11:11:00 +0000},
	Journal = {Proceedings of the 2005 Data Compression Conference (DCC’05)},
	Pages = {1-10},
	Title = {The Performance of Linear Time Suffix Sorting Algorithms},
	Year = {2005}}
	
@article{newapproach,
	Author = {Uwe Baier},
	Date-Added = {2017-02-21 11:13:00 +0000},
	Date-Modified = {2017-02-21 11:13:00 +0000},
	Journal = {Institute of Theoretical Computer Science, Ulm University},
	Pages = {1-10},
	Title = {Linear-time Suffix Sorting – A New Approach for Suffix Array Construction},
	Year = {2016}}
	
@article{Kunihiko,
	Author = {Kunihiko Sadakane},
	Date-Added = {2016-20-12 11:39:00 +0000},
	Date-Modified = {2016-20-12 11:39:00 +0000},
	Journal = {2007 Springer Science + Business Media, Inc},
	Pages = {1-19},
	Title = {Compressed Suffix Trees with Full Functionality∗},
	Year = {2005}}
	
@article{nakamoto2008bitcoin,
  title={Bitcoin: A peer-to-peer electronic cash system},
  author={Nakamoto, Satoshi},
  year={2008}
}

@article{kosmidis2017machine,
  title={Machine Learning and Images for Malware Detection and Classification},
  author={Kosmidis, Konstantinos},
  year={2017}
}

@inproceedings{baecher2006nepenthes,
  title={The nepenthes platform: An efficient approach to collect malware},
  author={Baecher, Paul and Koetter, Markus and Holz, Thorsten and Dornseif, Maximillian and Freiling, Felix},
  booktitle={International Workshop on Recent Advances in Intrusion Detection},
  pages={165--184},
  year={2006},
  organization={Springer}
}	
	
@inproceedings{ahmed2009using,
  title={Using spatio-temporal information in API calls with machine learning algorithms for malware detection},
  author={Ahmed, Faraz and Hameed, Haider and Shafiq, M Zubair and Farooq, Muddassar},
  booktitle={Proceedings of the 2nd ACM Workshop on Security and Artificial Intelligence},
  pages={55--62},
  year={2009},
  organization={ACM}
}

@incollection{deza2009encyclopedia,
  title={Encyclopedia of distances},
  author={Deza, Michel Marie and Deza, Elena},
  booktitle={Encyclopedia of Distances},
  pages={1--583},
  year={2009},
  publisher={Springer}
}

@inproceedings{ye2007imds,
  title={IMDS: Intelligent malware detection system},
  author={Ye, Yanfang and Wang, Dingding and Li, Tao and Ye, Dongyi},
  booktitle={Proceedings of the 13th ACM SIGKDD international conference on Knowledge discovery and data mining},
  pages={1043--1047},
  year={2007},
  organization={ACM}
}
	
@inproceedings{kruegel2003using,
  title={Using decision trees to improve signature-based intrusion detection},
  author={Kruegel, Christopher and Toth, Thomas},
  booktitle={International Workshop on Recent Advances in Intrusion Detection},
  pages={173--191},
  year={2003},
  organization={Springer}
}
	
@article{lca,
	Author = {Martin Farach},
	Date-Added = {2016-20-12 12:12:00 +0000},
	Date-Modified = {2016-20-12 12:12:00 +0000},
	Journal = {Department of Computer Science, Rutgers University, Piscataway, NJ 08855, USA.},
	Pages = {1-11},
	Title = {Optimal Suffixx Tree Construction with Large Alphabets},
	Year = {1997}}
	
@misc{lcaWeb,
	title = {Fast Algorithms for Finding Nearest Common Ancestors},
	howpublished = {\url{http://epubs.siam.org/doi/pdf/10.1137/0213024}},
	note = {Accessed: 2016-12-20}}
  
@misc{lcaWebSch,
	title = {Fast Algorithms for Finding Nearest Common AncestorsOn Finding Lowest Common Ancestors: Simplification and Parallelization. SIAM Journal on Computing, 1988, Vol. 17, No. 6 : pp. 1253-1262},
	howpublished = {\url{http://epubs.siam.org/doi/abs/10.1137/0217079}},
	note = {Accessed: 2016-12-20}}

